@article{DBLP:journals/eor/RuizS08,
  author    = {Rub{\'e}n Ruiz and
               Thomas St{\"u}tzle},
  title     = {An Iterated Greedy heuristic for the sequence dependent
               setup times flowshop problem with makespan and weighted
               tardiness objectives},
  journal   = {European Journal of Operational Research},
  volume    = {187},
  number    = {3},
  year      = {2008},
  pages     = {1143-1159},
  ee        = {http://dx.doi.org/10.1016/j.ejor.2006.07.029},
  bibsource = {DBLP, http://dblp.uni-trier.de}
}



@article{santostabu,
  title={A Tabu Search for the Permutation Flow Shop Problem with Sequence Dependent Setup Times},
  author={Nicolau Santos and Jo√£o Pedro Pedroso},
  year={2011},
  school={Faculdade de Ci{\^e}ncias, Universidade do Porto}
}



